

@book{l1,
	author    = {Houssein SWEIF},
	title     = {Système de gestion et de surveillance des batteries
	utilisées dans les systèmes d'alimentation sans
	interruption},
	publisher = {Hal Open Science},
	year      = {2016}
}

@book{l2,
	author    = {Gundogdu B. and Gladwin D. T.,},
	title     = {A Fast Battery Cycle Counting Method for Grid-Tied
	Battery Energy Storage System Subjected to
	Microcycles },
	publisher = {Department of Electronic and Electrical Engineering,
	University of Sheffield},
	year      = {Mar 2018}
}

@book{l3,
	author    = {Jean Oaillaud},
	title     = {L’énergie solaire photovoltaïque},
	publisher = {Lycée des métiersde l'énergie de la métallurgie et de la vente  },
	year      = {}
}

@article{a1,
	author  = {Kiarash Movassagh, Arif Raihan, Balakumar Balasingam and Krishna Pattipat},
	title   = {A Critical Look at Coulomb Counting Approach for State of
	Charge Estimation in Batteries},
	journal = {Energies},
	volume  = {14},
	number  = {4074},
	pages   = {7-8},
	year    = {2021}
}
@article{a2,
	author    = {Martin Murnane and Adel Ghazel},
	title     = {A Closer Look at State of Charge (SOC) and State of Health (SOH) Estimation Techniques for Batteries},
	journal = {Analog Devices},
	volume  = {},
	number  = {},
	pages   = {2},
	year    = {Mar 31 2023}
}

@article{a3,
	author    = {Dr. Saher Mahmood Jawd1, Nabaa Hameed Chekhyor and Aryaf Mahmood Sabea},
	title     = {Types of Solar Cell Batteries and their Energy Charging Methods},
	journal = {Journal of Thermal Engineering and Applications},
	volume  = { Volume 8, Issue 2},
	number  = {2349-8994},
	pages   = {16-17},
	year    = {October 2021}
}


@article{a4,
	author    = {Dr. Saher Mahmood Jawd1, Nabaa Hameed Chekhyor and Aryaf Mahmood Sabea},
	title     = {Solar Energy Batteries-A Critical Review},
	journal = {Journal of Instrumentation and Innovation Sciences},
	volume  = {Volume 6, Issue 3},
	number  = {2456-9860},
	pages   = {25-30},
	year    = {September-December, 2021}
}

@article{article1,
	author  = {Jane Doe},
	title   = {Études sur les polymères},
	journal = {Journal de Chimie},
	volume  = {45},
	number  = {2},
	pages   = {123--135},
	year    = {2023}
}

@phdthesis{these1,
	author    = {Claire Martin},
	title     = {Étude des mécanismes de catalyse},
	school    = {Université de Paris},
	year      = {2024}
}
@phdthesis{t1,
	author    = {BOUTTE Aïssa},
	title     = {Identification des paramètres internes d’une batterie
	pour des applications photovoltaïques},
	school    = {Université des Sciences et de la Technologie d'Oran
	Mohamed Boudiaf « USTO-MB »},
	year      = {2015}
}

@misc{internet1,
	author = {David Williams},
	title  = {Recherche sur les nouvelles technologies},
	howpublished = {\url{https://www.example.com}},
	note   = {Consulté le 25 juillet 2024}
}


@book{pdf1,
	author    = {Pr. RAZAFIMAHENINA Jean Marie},
	title     = {Utilisation
et Application des énergies renouvelables },
	school    = {ESP Antsiranana},
	year      = {2024}
}
@misc{1,
	title = {ACS712 30A},
	author = {},
	year = {},
	note = {Consulté le: 14 août 2024. [En ligne]. Disponible sur: \url{https://quartzcomponents.com/products/acs712-30a-current-sensor-module}},
}


@misc{2,
	author = {RELAIS 5VDC},
	title = {},
	note = {Consulté le: 14 août 2024. [En ligne]. Disponible sur: \url{https://www.micro-planet.ma/produit/module-2-relais-5v/}},
}


@misc{p3,
	author = {},
	title = {},
	note = {Consulté le: 14 juin 2024. [En ligne]. Disponible sur: \url{https://www.libow.fr/batteries/quels-sont-les-differents-types-de-batteries-solaires-maison/}},
}

@misc{p4,
	author = {},
	title = {},
	note = {Consulté le: 14 juin 2024. [En ligne]. Disponible sur: \url{https://parlonssciences.ca/ressources-pedagogiques/les-stim-en-contexte/comment-fonctionne-une-batterie-lithium-ion}},
}

@misc{p5,
	author = {},
	title = {},
	note = {Consulté le: 14 juin 2024. [En ligne]. Disponible sur: \url{https://www.revolution-energetique.com/dossiers/comment-fonctionne-une-batterie-plomb-acide/}},
}

@misc{3,
	author = {},
	title = {LM 35},
	note = {Consulté le: 14 août 2024. [En ligne]. Disponible sur: \url{https://www.mikroe.com/lm35-sensor}},
}
@misc{4,
	author = {},
	title = {1N4728A diode zener},
	note = {Consulté le: 14 août 2024. [En ligne]. Disponible sur: \url{https://www.mikroe.com/lm35-sensor}},
}

@misc{5,
	author = {Upesy},
	title = {ESP 32 pinout},
	note = {Consulté le: 5 août 2024. [En ligne]. Disponible sur: \url{https://www.upesy.fr/blogs/tutorials/esp32-pinout-reference-gpio-pins-ultimate-guide}},
}


@misc{6,
	author = {},
	title = {Lcd with I2C},
	note = {Consulté le: 5 août 2024. [En ligne]. Disponible sur: \url{https://cepmaroc.com/afficheurs/129-afficheur-lcd-2-x-16-i2c.html}},
}
@misc{7,
	author = {Electronic Devices},
	title = {Module gsm sim900},
	note = {Consulté le: 5 août 2024. [En ligne]. Disponible sur: \url{https://mytectutor.com/sim900-gsm-gprs-shield-with-arduino/}},
}
@misc{8,
	author = {Algo.tn},
	title = { «ESP32-Introduction,»},
	note = {Consulté le: 5 août 2024. [En ligne]. Disponible sur: \url{http://algo.tn/esp32/introduction/}},
}
@misc{9,
	author = {ProjectIot},
	title = {2N2222 Transistor Working Pinout Data sheet},
	note = {Consulté le: 5 août 2024. [En ligne]. Disponible sur: \url{https://projectiot123.com/2023/12/02/2n2222-transistor-working-pinout-data-sheet/}},
}
