@misc{10,
	author = {VueJs},
	title = {},
	note = {Consulté le: 20 septembre 2024. [En ligne]. Disponible sur: \url{https://vuejs.org/}},
}

@misc{11,
	author = {Pinia},
	title = {},
	note = {Consulté le: 10 septembre 2024. [En ligne]. Disponible sur: \url{https://pinia.vuejs.org/}},
}


@misc{12,
	author = {Axios},
	title = {},
	note = {Consulté le: 10 septembre 2024. [En ligne]. Disponible sur: \url{https://axios-http.com/docs/intro}},
}

@misc{13,
	author = {MQTT},
	title = {},
	note = {Consulté le: 23 novembre 2024. [En ligne]. Disponible sur: \url{https://mqtt.org/}},
}


@misc{14,
	author = {Laravel},
	title = {},
	note = {Consulté le: 17 juin 2024. [En ligne]. Disponible sur: \url{https://laravel.com/}},
}

@misc{15,
	author = {Mysql},
	title = {},
	note = {Consulté le: 03 juin 2024. [En ligne]. Disponible sur: \url{https://www.mysql.com/fr/}},
}


@misc{16,
	author = {GitHub},
	title = {},
	note = {Consulté le: 14 octobre 2024. [En ligne]. Disponible sur: \url{https://github.com/}},
}



@misc{17,
	author = {Mosquitto},
	title = {},
	note = {Consulté le: 14 octobre 2024. [En ligne]. Disponible sur: \url{https://mosquitto.org/}},
}